@article{lamport1982byzantine,
  title={The Byzantine generals problem},
  author={Lamport, Leslie and Shostak, Robert and Pease, Marshall},
  journal={ACM Transactions on Programming Languages and Systems (TOPLAS)},
  volume={4},
  number={3},
  pages={382--401},
  year={1982},
  publisher={ACM}
}
@misc{zhihuBFT,
	author={maxdeath},
	title={BFT},
	howpublished={\url{https://zhuanlan.zhihu.com/p/41329283}},
	year={2005},
}
@techreport{lamport1979constructing,
	title={Constructing digital signatures from a one-way function},
	author={Lamport, Leslie},
	year={1979},
	institution={Technical Report CSL-98, SRI International Palo Alto}
}
@techreport{fischer1982impossibility,
	title={Impossibility of distributed consensus with one faulty process.},
	author={Fischer, Michael J and Lynch, Nancy A and Paterson, Michael S},
	year={1982},
	institution={MASSACHUSETTS INST OF TECH CAMBRIDGE LAB FOR COMPUTER SCIENCE}
}
@book{wattenhofer2016science,
	title={The science of the blockchain},
	author={Wattenhofer, Roger},
	year={2016},
	publisher={CreateSpace Independent Publishing Platform}
}
@inproceedings{ben1983another,
	title={Another advantage of free choice (extended abstract): Completely asynchronous agreement protocols},
	author={Ben-Or, Michael},
	booktitle={Proceedings of the second annual ACM symposium on Principles of distributed computing},
	pages={27--30},
	year={1983},
	organization={ACM}
}
@article{bracha1987asynchronous,
	title={Asynchronous Byzantine agreement protocols},
	author={Bracha, Gabriel},
	journal={Information and Computation},
	volume={75},
	number={2},
	pages={130--143},
	year={1987},
	publisher={Elsevier}
}
@inproceedings{castro1999practical,
	title={Practical Byzantine fault tolerance},
	author={Castro, Miguel and Liskov, Barbara and others},
	booktitle={OSDI},
	volume={99},
	pages={173--186},
	year={1999}
}
@inproceedings{kotla2007zyzzyva,
	title={Zyzzyva: speculative byzantine fault tolerance},
	author={Kotla, Ramakrishna and Alvisi, Lorenzo and Dahlin, Mike and Clement, Allen and Wong, Edmund},
	booktitle={ACM SIGOPS Operating Systems Review},
	volume={41},
	number={6},
	pages={45--58},
	year={2007},
	organization={ACM}
}